<record><leader>00000cas a2200000 a 4500</leader><controlfield tag="001">11041401</controlfield><controlfield tag="008">840810d18321834vtuwr ne      0    0eng d</controlfield><datafield ind1=" " ind2=" " tag="010"><subfield code="a">sn 84023857 </subfield></datafield><datafield ind1=" " ind2=" " tag="040"><subfield code="a">AQM</subfield><subfield code="b">eng</subfield><subfield code="c">AQM</subfield><subfield code="d">NPX</subfield><subfield code="d">NYG</subfield><subfield code="d">DLC</subfield><subfield code="d">OCL</subfield><subfield code="d">DLC</subfield><subfield code="d">NYS</subfield><subfield code="d">NVN</subfield><subfield code="d">OCL</subfield><subfield code="d">DLC</subfield><subfield code="d">OCLCQ</subfield><subfield code="d">OCLCA</subfield><subfield code="d">OCLCF</subfield><subfield code="d">OCLCA</subfield></datafield><datafield ind1="1" ind2=" " tag="029"><subfield code="a">AU@</subfield><subfield code="b">000020129577</subfield></datafield><datafield ind1=" " ind2=" " tag="042"><subfield code="a">msc</subfield></datafield><datafield ind1=" " ind2=" " tag="043"><subfield code="a">n-us-vt</subfield></datafield><datafield ind1="0" ind2="0" tag="050"><subfield code="a">Newspaper</subfield></datafield><datafield ind1="0" ind2="0" tag="245"><subfield code="a">Middlebury Argus.</subfield></datafield><datafield ind1="1" ind2="3" tag="246"><subfield code="a">Argus</subfield></datafield><datafield ind1=" " ind2=" " tag="260"><subfield code="a">Middlebury, Vt. :</subfield><subfield code="b">E.H. Washburn</subfield></datafield><datafield ind1=" " ind2=" " tag="300"><subfield code="a">v. ;</subfield><subfield code="c">54 cm.</subfield></datafield><datafield ind1=" " ind2=" " tag="310"><subfield code="a">Weekly</subfield></datafield><datafield ind1="1" ind2=" " tag="362"><subfield code="a">Began Feb. 7, 1832.</subfield><subfield code="z">Cf. Gregory, W. Amer. newspapers.</subfield></datafield><datafield ind1="0" ind2=" " tag="362"><subfield code="a">-v. 3, no. 29 (Aug. 18, 1834).</subfield></datafield><datafield ind1=" " ind2=" " tag="500"><subfield code="a">Publishers: E.H. Washburn, &lt;1832&gt;-1833; E.W. Drury, Sept. 2, 1833- ; H. &amp; E.W. Drury, &lt;1834&gt;.</subfield></datafield><datafield ind1=" " ind2=" " tag="500"><subfield code="a">Editor: C.C. Waller, &lt;1833&gt;.</subfield></datafield><datafield ind1=" " ind2=" " tag="515"><subfield code="a">Apr. 15, 1833 issue misdated Apr. 17, 1833.</subfield></datafield><datafield ind1=" " ind2=" " tag="515"><subfield code="a">Suspended with July 16, 1833 issue; resumed with Sept. 2, 1833.</subfield></datafield><datafield ind1=" " ind2=" " tag="588"><subfield code="a">Description based on: Vol. 1, no. 2 (Feb. 14, 1832).</subfield></datafield><datafield ind1=" " ind2="0" tag="651"><subfield code="a">Middlebury (Vt. : Town)</subfield><subfield code="v">Newspapers.</subfield></datafield><datafield ind1=" " ind2="0" tag="651"><subfield code="a">Vermont</subfield><subfield code="v">Newspapers.</subfield></datafield><datafield ind1=" " ind2="7" tag="655"><subfield code="a">Newspapers.</subfield><subfield code="2">fast</subfield><subfield code="0">(OCoLC)fst01423814</subfield></datafield><datafield ind1=" " ind2="7" tag="651"><subfield code="a">Vermont.</subfield><subfield code="2">fast</subfield><subfield code="0">(OCoLC)fst01204305</subfield></datafield><datafield ind1=" " ind2="7" tag="651"><subfield code="a">Vermont</subfield><subfield code="z">Middlebury (Town)</subfield><subfield code="2">fast</subfield><subfield code="0">(OCoLC)fst01331685</subfield></datafield><datafield ind1=" " ind2=" " tag="752"><subfield code="a">United States</subfield><subfield code="b">Vermont</subfield><subfield code="c">Addison</subfield><subfield code="d">Middlebury.</subfield></datafield><datafield ind1="0" ind2="0" tag="780"><subfield code="t">Northern Argus</subfield><subfield code="w">(DLC)sn 84023642</subfield><subfield code="w">(OCoLC)10910349</subfield></datafield><datafield ind1="0" ind2="0" tag="785"><subfield code="t">Vermont Argus</subfield><subfield code="w">(DLC)sn 83025688</subfield><subfield code="w">(OCoLC)9741850</subfield></datafield></record>